@ONLINE{qs_met,
title = {QS Rankings Methodology},
year = {2020},
url = {https://www.topuniversities.com/qs-world-university-rankings/methodology}
}

@ONLINE{the_met,
title = {Times Higher Education Ranking Methodology},
year = {2020},
url = {\\https://www.timeshighereducation.com/world-university-rankings/world-university-rankings-2020-methodology}
}

@ONLINE{arwu_met,
title = {ARWU Methodology},
year = {2020},
url = {http://www.shanghairanking.com/ARWU-Methodology-2019.html}
}

@ONLINE{pr5100,
title = {Проект 5-100},
year = {2020},
url = {https://www.5top100.ru}
}

@ONLINE{unn_strategy,
title = {Сратегия развития ННГУ им. Н.И. Лобачевского до 2020 года},
year = {2013},
url = {http://www.unn.ru/site/about/ofitsialnye-svedeniya-i-dokumenty/strategiya-2020}
}
